2482 4186
10 186 43 239 ¹·
97 196 100 200 ’
147 179 257 263 α’.
440 164 835 291 nouimwospcr)

16 370 30 426 ί
150 350 323 447 abdicans
346 349 451 452 petiit
474 351 648 532 Ειέψαηιε
674 353 736 434 ubi
758 324 857 432 lraud
881 352 1018 433 diutius
1040 292 1162 437 mora·

82 503 85 512 ι
150 465 213 539 tus
231 453 253 530 ai
270 451 448 552 Francisco
460 453 500 528 de
541 454 690 554 ickingcn
706 457 803 532 annd
823 477 929 542 1515.
947 456 987 531 in
1005 460 1161 537 castren·

11 546 48 630 s
149 553 225 631 sem
239 554 550 633 ¹Concionatorem
573 557 775 656 adoptatur.
825 554 1051 633 succedente
1064 572 1162 637 tem·

121 690 122 695 ¹
148 676 238 754 pore
260 651 646 757 parochiarmffengn,
671 676 769 757 pago
793 681 870 732 non
887 655 996 760 longe
1018 660 1063 736 ab
1077 660 1160 737 Au·

130 758 244 855 gusta
265 751 400 843 diffito,
422 756 618 852 regendam
637 757 789 855 accepit,
838 755 914 833 Sed
924 775 1011 834 cum
1026 757 1161 836 Laric-

146 857 181 934 τι·
204 855 375 952 dogmata
388 867 526 931 temere
538 856 702 956 spargere
715 854 893 955 coepitiet,
917 859 1043 957 primis
1059 859 1160 959 ejus·

27 939 32 995 Ῑ
146 955 231 1033 dem
244 953 397 1042 affeciis,
423 955 635 1045 fautoribus,
650 987 780 1045 roomo
792 956 862 1033 sese
873 957 1040 1056 iungens,
1067 961 1159 1057 quin

146 1067 186 1134 et
212 1079 365 1134 uxorem
391 1056 551 1135 thalamo
576 1056 638 1136 fibi
668 1055 847 1145 sociasset,
873 1057 965 1157 juffu
990 1057 1159 1160 Episcopi

145 1155 342 1257 Augustani
365 1153 560 1257 Didingom
581 1157 727 1235 avectus
748 1157 922 1255 hyemem
938 1158 978 1235 in
998 1160 1159 1238 custodia

9 1357 13 1366 Ι
61 1271 64 1274 “
144 1258 340 1355 transegit·
381 1258 551 1335 Dimiiius
566 1259 587 1332 d
604 1265 748 1334 carcere
770 1253 1025 1357 Wtrebergom
1036 1260 1158 1356 fugit,

126 1360 315 1458 anndque
339 1377 446 1444 1521.
472 1358 664 1460 Magisterii
677 1356 830 1457 gradum
841 1359 892 1445 ibi
908 1361 1013 1457 cepit.
1040 1359 1160 1440 Subin

54 1465 57 1469 ’
142 1457 264 1536 rursus
278 1457 463 1558 aliquanto
486 1471 651 1558 tempore
668 1458 765 1556 apud
784 1470 1027 1537 memoratum
1043 1459 1160 1538 Fran·

143 1558 263 1652 cifram
290 1559 330 1633 de
357 1556 565 1658 Sickingcn,
603 1561 641 1638 dc
667 1559 849 1658 praecipue
874 1561 916 1636 in
942 1559 1038 1637 iliius
1071 1585 1158 1641 arce

140 1655 351 1759 Ebernbnrg
378 1657 573 1749 setenuit,
633 1658 744 1736 Anno
780 1680 889 1755 1523.
923 1658 1158 1762 Eisenacum,

59 1823 60 1827 κ
140 1759 227 1837 inde
256 1757 448 1860 Angustam
470 1760 599 1837 venit:
631 1757 868 1857 teretiusque
892 1760 932 1837 in
956 1761 1159 1842 Saxoniam·

146 1843 368 1961 thebergn
389 1861 552 1958 linguam
575 1861 781 1940 hebraicam
792 1861 938 1948 docuit,
963 1860 1157 1953 Latiarum

139 1974 249 2038 vetus
274 1959 546 2041 Testamentum
567 1960 818 2039 traducentem
831 1959 946 2059 juvit,
969 1962 1081 2061 inque
1098 1986 1159 2060 an·⁴

143 2063 198 2139 cis
224 2062 363 2163 templo
391 2062 520 2143 diebus
543 2062 735 2141 dominicis
756 2061 795 2140 dt
813 2060 911 2141 festis
938 2061 985 2138 ad
1010 2063 1157 2140 concio·

142 2187 231 2240 nem
252 2162 355 2242 dixit.
405 2162 518 2241 Anno
540 2185 648 2262 1527.
666 2162 810 2250 Pastor,
835 2161 1075 2262 &interjedio
1089 2163 1157 2242 ali-

69 2262 71 2267 ’
142 2273 281 2363 quanto
292 2265 468 2363 temporis
478 2263 592 2365 spatio
604 2265 714 2340 etiam
727 2262 1039 2363 superintendens
1051 2262 1157 2342 Saot-

14 2396 39 2459 χ
130 2363 240 2465 selda
269 2365 479 2442 nominatus
504 2364 587 2442 fuit.
645 2365 718 2441 His
752 2361 880 2460 gestis,
917 2385 1169 2462 ann01530.·

142 2463 334 2569 Angustam
360 2464 482 2582 denno
507 2463 629 2553 venit,
655 2463 823 2542 Comitiis
835 2464 980 2582 Imperii
1001 2465 1157 2582 interiu-

142 2577 270 2643 turus:
294 2567 333 2644 in
352 2564 484 2665 qubus
503 2587 588 2663 cum
612 2585 796 2642 mmmm
811 2564 1073 2664 publicaretur,
1098 2588 1154 2667 lp-

140 2664 177 2742 se
197 2665 293 2743 inter
311 2665 450 2766 primos
477 2665 630 2756 exstitit,
653 2666 717 2767 qni
731 2665 817 2743 huic
838 2662 875 2740 se
896 2664 1064 2743 Formuioe
1088 2690 1156 2766 op·

6 2776 10 2791 ’
140 2764 304 2868 posuere,
352 2767 433 2856 Qua
447 2760 487 2845 re
500 2767 721 2865 Imperatore
740 2764 862 2843 Caroio
884 2765 934 2844 V.
948 2767 995 2844 ad
1007 2768 1154 2846 iracun-

78 2878 83 2887 “
140 2868 240 2945 diam
264 2867 447 2955 excitato,
479 2867 578 2945 abire
605 2869 645 2945 in
671 2867 819 2945 exilium
842 2865 1011 2956 coaaus,
1035 2871 1153 2944 anno·

57 3062 60 3068 Ι
89 2990 92 2994 ⁴
140 2990 213 3067 que
235 2965 382 3045 dimidio
398 2967 420 3043 d
438 2965 621 3046 Comitiiia
637 2966 824 3044 Cotiarino
843 2967 883 3042 de
896 2965 1152 3068 Scdworzbnrg

138 3068 179 3144 in
194 3067 307 3148 castro
321 3066 496 3168 Rudeissat
510 3069 712 3148 occultatus
726 3067 786 3145 est.
821 3067 986 3146 Tandem
997 3065 1153 3144 Sarmat·

53 3226 56 3233 .
137 3169 284 3245 cnidiam
305 3170 493 3268 pervenit,
518 3168 579 3246 ubi
591 3192 688 3246 anno
705 3190 814 3266 1550.
840 3167 1003 3245 Decorus
1014 3189 1152 3244 renun-

140 3268 257 3348 cintus
279 3269 340 3348 est.
390 3269 557 3369 benique
576 3291 673 3348 anno
700 3292 808 3367 ¹55²·
834 3266 1081 3368 Saalseldiom,
1107 3267 1171 3344 ut'

110 3437 124 3463 s,
136 3369 323 3468 pristinum
348 3367 659 3468 Superinrmdentis
682 3388 819 3450 munus
851 3367 1067 3468 capefferet,
1091 3388 1153 3443 re·

136 3481 291 3548 vocatos
314 3470 419 3545 ineo
442 3469 523 3553 loco
546 3493 644 3551 auno
667 3466 1150 3568 1560.dic12.Novembr·

128 3569 252 3659 ,vitam
280 3569 428 3662 finivit„

719 3716 759 3904 N<
853 3778 856 3784 '
1000 3765 1097 3857 Haec
