2482 4186
282 220 284 225 ⁴
305 215 509 307 cananeus
532 193 715 297 (Philipp.
730 191 900 303 Jacob)
1079 225 1129 298 ²⁹
1142 222 1159 257 s

118 360 210 447 tbiae
223 365 261 445 dc
275 366 449 446 Marchiae
463 364 679 444 Vinidorum
690 363 826 442 Arcbi-
846 363 1039 454 Triciinur,
1065 364 1140 477 qm,

109 471 210 545 *tunc
235 467 445 543 Ratisbome
467 465 588 542 sedem
609 465 761 550 fixerat,
784 464 980 541 studiorum
1004 469 1129 543 mode·

117 576 280 646 'ratonem
316 567 512 663 quaerebat
575 564 674 642 Huic
697 588 780 642 cum
811 562 951 666 Cropirii
972 564 1128 643 eruditio

119 669 168 743 de
194 666 334 745 meliori
360 677 447 742 nota
472 665 749 751 commendata,
774 663 849 740 fors
876 665 987 742 etiarn
1008 664 1126 767 perso·

118 789 171 845 na
185 767 219 841 in
240 765 410 840 Conventa
434 764 505 842 visa
524 764 662 850 fuisset,
692 788 777 842 eum
791 766 828 841 in
840 764 1013 842 familiam
1024 764 1142 861 suam,

114 866 291 963 ¹adscivit,
329 865 553 943 &sexennio
579 866 705 943 tenuit
752 868 833 954 Quo
858 877 937 940 toto
959 879 1127 964 tempore

115 967 245 1065 ,Noster
268 964 478 1064 discipulum
501 965 601 1042 suum
629 964 834 1042 Fridrricum
848 961 994 1083 julium
1008 967 1125 1044 eacu-

117 1068 161 1146 ra
184 1064 329 1142 docuit:
364 1065 552 1164 discipulus
576 1063 721 1142 vicissim
743 1067 786 1143 eb
808 1066 1013 1163 diligentis,
1043 1086 1127 1165 quae
1152 1086 1154 1091 ·

118 1168 339 1265 docebatur,
375 1166 522 1250 didicit,
556 1179 605 1242 ut
623 1166 747 1242 habito
770 1167 913 1265 publico
936 1167 1127 1255 examine,

121 1269 199 1352 cui,
225 1289 460 1364 quoscunque
490 1263 681 1342 Ratisbono
705 1267 790 1345 urbs
816 1265 953 1371 Imperii
970 1265 1126 1344 Comitiir

115 1363 397 1464 'frequentissima
428 1366 576 1456 habuit,
610 1366 776 1442 Litterati
802 1367 1024 1455 intererant,
1047 1391 1127 1443 om·

121 1467 218 1542 nium
249 1464 348 1563 spem
366 1478 482 1563 'atque
510 1465 809 1564 exspesiationem
835 1467 1016 1566 superarit.
1067 1469 1125 1555 sne

116 1571 175 1650 ,tra
194 1564 284 1642 illud
310 1566 484 1664 temporis
512 1565 661 1664 spatium
685 1567 755 1643 hoc
777 1591 920 1667 quoque
944 1590 1126 1645 memora·

69 1738 73 1755 ,
118 1670 161 1772 tu
188 1665 342 1762 dignum
367 1667 497 1741 accidit
509 1691 520 1760 ;
546 1667 643 1765 quod
668 1665 813 1769 Noster,
841 1670 924 1744 cum
952 1670 1044 1744 mira
1071 1668 1125 1744 sa·

69 1770 73 1827 ἑ
122 1766 276 1854 uilitate,
300 1781 380 1845 tum
402 1765 515 1842 latina
533 1779 612 1843 turn
630 1769 839 1862 germanica
856 1766 1027 1844 Carmina
1043 1768 1127 1844 sun·

69 1890 73 1987 ι
121 1866 227 1943 dendi
244 1921 253 1952 ‚
278 1867 402 1942 multis
416 1866 608 1965 praestaret,
628 1869 650 1944 b
666 1867 777 1944 fratre
792 1867 854 1942 suo
866 1863 1010 1971 Joonne
1026 1866 1141 1964 Βαρῶ

69 2006 72 2051 7
121 1968 149 2042 ti
171 1995 214 2053 a,
269 1991 354 2042 uem
379 1964 513 2042 Palatii
535 1967 670 2065 nesarci
699 1963 892 2044 Comitibus
908 1966 1125 2066 adscriptum

69 2062 74 2155 ἶ
121 2066 216 2145 suisse
238 1991 396 2166 superius
419 2068 571 2159 monui,
597 2065 738 2145 Locren
756 2069 887 2168 portico
915 2068 1123 2153 donaretur,

115 2190 228 2277 ‘quam
254 2179 356 2265 patre
368 2166 415 2244 src
436 2169 582 2245 volente
599 2166 740 2246 illustris
752 2167 946 2271 discipulus,
957 2166 1125 2246 didascali

114 2268 168 2345 ¹sui
190 2267 421 2371 temporibus
442 2268 570 2346 lubens
599 2269 847 2350 circumdedit.
1120 2342 1124 2357 ,

200 2369 282 2469 Jam
307 2368 523 2467 academicis
547 2369 668 2453 studiis
687 2381 912 2447 maturuerat
937 2368 1124 2469 ingenium

116 2467 249 2547 nobilis
271 2469 439 2567 Tyronis.
487 2469 568 2567 Jam
584 2471 885 2548 Scholarcharum
908 2469 1125 2572 Augustano-

111 2580 191 2671 rum
206 2569 360 2656 vocatio,
385 2569 444 2646 cui
459 2570 564 2669 plane
578 2572 776 2670 parendum
791 2585 884 2658 erat,
907 2594 1004 2648 anno
1019 2578 1126 2666 1695.

112 2683 277 2753 ,exeunte
301 2670 505 2769 Septembri
528 2670 678 2770 scripta,
708 2684 971 2773 praeceptorem
987 2672 1124 2768 patrios
1190 2672 1194 2681 '

111 2769 309 2848 'resalutare
333 2783 484 2868 penates
509 2770 683 2868 urgebat3
710 2774 794 2848 cum
820 2773 878 2846 hic
902 2772 1019 2847 redire
1036 2790 1148 2842 con-⁴

110 2871 240 2971 nituit„
289 2869 395 2946 Unde
418 2872 527 2946 herus
550 2870 791 2953 illumiffimus
815 2871 947 2946 reverti
967 2869 1124 2943 eundem

111 2964 255 3070 'absque
275 2970 416 3069 publico
429 2970 513 3047 fidei
528 2972 565 3050 dt
578 2972 803 3050 dexteritatis
830 2970 1030 3048 testimonio
1058 2992 1124 3042 no·

111 3064 201 3157 luit,
218 3070 277 3146 sed
290 3068 499 3147 convocatis
514 3069 630 3159 Viris,
655 3073 879 3151 &natalium
891 3067 1126 3173 splendore&
1194 3144 1196 3163 ,

110 3171 277 3249 'dottrina
297 3169 515 3269 conspicuis,
537 3173 682 3269 publica
694 3174 855 3248 oratione
871 3169 944 3244 uni
956 3191 1039 3244 cum
1051 3167 1127 3245 sisio

110 3268 210 3348 'Vale
222 3269 425 3369 supremum
436 3271 536 3358 dixit.
549 3272 791 3350 &innumeris
799 3269 1061 3350 benevolentiae
1070 3278 1128 3344 te:

111 3370 383 3473 stificationibus
393 3375 617 3449 cumulatum
630 3368 975 3449 honorificentiffime
984 3368 1125 3447 dimisit.

203 3471 366 3572 Augusta
401 3473 563 3549 redditus
597 3471 658 3548 No
684 3497 720 3550 cr
748 3469 969 3549 commissum
998 3468 1060 3546 fibi
1084 3470 1125 3546 in

113 3568 303 3650 'Athenaeo
321 3568 424 3648 Sarr-
437 3572 613 3651 Anauono
664 3574 792 3648 ocendi
822 3594 957 3648 munus
976 3568 1131 3673 solenni·

113 3662 312 3777 pratione:
339 3671 396 3749 De
418 3672 611 3752 Harmonia
632 3673 761 3752 ordinis
775 3671 963 3775 scholastici
978 3667 1018 3746 ss
1033 3692 1125 3784 occo·

465 3789 468 3795 ·
744 3808 756 3819 ··
944 3788 1074 3846 ‘aomi-
