2482 4186
143 192 152 269 g
293 182 445 257 aucun
470 196 573 253 xvn.
600 195 652 252 nr
676 193 805 255 xvnr.
942 169 946 230 Ῑ
1018 157 1070 275 'ii

134 341 308 421 Carteia
334 344 404 421 hoc
430 344 554 444 Lyceo
579 346 626 419 ed
644 344 763 420 acrius
776 342 898 422 studiis
916 344 1069 424 medicis

59 443 207 532 institit,
244 440 318 542 qud
339 445 552 544 ampliorem
577 443 702 520 nudus
730 457 810 521 erat
834 446 1069 534 occasionem,

58 543 130 622 lese
143 545 347 644 praeprimis
365 546 407 621 in
421 544 604 620 anatomia
619 543 759 642 publica
772 567 816 620 ac
829 547 968 644 privata
982 544 1084 645 (Sic.

59 644 217 722 cadaver
234 643 378 741 pueruli
401 643 616 742 exposititii,
644 644 769 720 favore
782 647 936 722 Comitis
954 645 1074 746 Frigi-

62 746 186 823 metica
221 742 429 820 Profefl'dria
451 744 584 844 publici
607 744 646 822 dt
663 742 830 822 Natioais
860 743 1071 841 Germanicae

63 843 272 943 timidarum
285 842 524 922 Proteiioris:
549 867 713 920 necnon
730 845 796 922 viri
816 841 918 921 senili
941 844 1072 923 maias·¹

60 947 123 1026 aud
148 943 308 1022 defuntli
332 945 511 1029 cadaver,
538 943 654 1042 gratia
672 943 822 1022 Antonii
834 945 874 1020 de
896 944 1073 1024 Mareia·
1216 1028 1222 1037 ,

59 1049 132 1137 tie,
155 1043 365 1122 Anatomioe
388 1043 612 1121 Proieiioria
619 1044 775 1142 publici,
806 1047 1009 1122 accuratius
1032 1047 1072 1125 in

61 1147 203 1224 aedibus
228 1144 300 1223 suis
320 1144 576 1245 perscrutanda
590 1144 823 1245 obtinuerat)
839 1168 947 1246 porro
961 1149 1074 1225 etiam

59 1247 99 1325 in
119 1245 289 1344 chymia,
328 1256 516 1344 praeeunte
534 1246 833 1343 experientiffimo
862 1238 911 1324 D.
928 1243 1075 1350 eJneoleo
1233 1262 1236 1267 ’

58 1345 242 1435 Bamero,
280 1344 485 1422 exercendi.
547 1344 742 1434 Similiter,
767 1369 852 1447 quae
874 1349 914 1423 in
933 1350 1072 1437 hortis,

58 1448 198 1548 pratia,
228 1445 438 1534 montibus,
468 1445 620 1522 thermis
640 1445 710 1527 dea.
735 1447 1072 1549 suppeditabantur,
1150 1510 1151 1513 κ

59 1546 188 1624 neubi
214 1545 276 1623 libi
298 1546 514 1645 negligenda
536 1546 652 1623 duait.
1051 1581 1054 1586 ²

133 1645 313 1723 Favorem
333 1647 444 1725 etiarn
462 1630 679 1743 singularem
700 1654 782 1721 tum
797 1647 973 1735 alionum,
993 1659 1075 1731 tum

59 1745 323 1824 celebratiffimi
344 1746 398 1829 D.
422 1743 554 1824 Oiiave‘i
578 1744 753 1832 Ferrarii,
779 1748 1075 1848 expertushujus
1212 1785 1215 1790 ·

60 1847 108 1929 ab
121 1868 186 1923 ore
197 1847 370 1924 mellifluo
382 1846 510 1947 saepius
522 1845 692 1946 pendere,
710 1845 749 1925 da
761 1848 985 1934 admirandae
995 1849 1075 1925 sua·-

58 1948 123 2025 dae
140 1945 222 2046 ejus
239 1946 377 2024 deliciis
394 1948 542 2024 condire
558 1946 734 2022 severiora
753 1947 867 2023 studia
881 1946 1075 2044 satagebat.

145 2071 193 2124 ue
212 2045 432 2125 eruditiffimi
457 2047 573 2124 Caroli
590 2043 748 2146 Offrnii,
772 2047 863 2124 civis
877 2048 1075 2128 academici
1202 2058 1204 2063 ’

60 2148 102 2226 dr
131 2148 212 2224 enia
236 2147 392 2247 optimi,
416 2141 666 2226 commensalis
677 2143 728 2223 sui
740 2149 986 2245 integerrimi,
1009 2149 1076 2226 ob·

59 2247 173 2326 livisci
195 2245 231 2323 ie
254 2252 416 2347 unquam
436 2246 534 2348 polle
559 2245 665 2334 falsus
682 2248 760 2336 est,
801 2251 863 2349 qui
885 2251 924 2325 in
945 2272 1076 2328 omnen

60 2346 351 2435 officiosdsunus,
377 2351 415 2429 de
429 2347 567 2426 nemini
579 2346 766 2436 molestus,
790 2350 953 2426 omnium
968 2351 1077 2428 &or-

62 2449 192 2527 dinum
208 2463 247 2525 et
264 2449 464 2528 incolarum
491 2472 654 2526 amorem
679 2450 743 2528 srbi
762 2451 980 2541 concilidrat.

153 2550 237 2648 Egit
262 2549 431 2627 initalia
465 2548 582 2626 ferme
613 2551 758 2629 duobus
782 2553 887 2627 annis
928 2551 1076 2652 Noster,
1122 2645 1125 2649 ,

62 2651 163 2729 intra
183 2651 281 2748 qnod
305 2652 480 2750 temporis
493 2650 853 2748 ipatiumcelebriora
866 2653 969 2740 loca,
995 2651 1076 2728 Aa·

63 2776 209 2839 conam,
228 2750 469 2839 Ariminum,
506 2748 683 2853 Afflfium,
721 2752 952 2853 Bergomum,
988 2751 1076 2827 Bri·

63 2851 432 2943 xiam,'1t'errariam,
458 2849 681 2941 Florentiam,
707 2851 919 2936 Lauretum,
938 2849 1095 2926 Media*
1172 2864 1174 2869 ’

64 2957 206 3041 iarum,
233 2950 437 3052 Neapolim,
461 2950 644 3040 Puteolos,
673 2951 896 3035 Ravennam,
921 2949 1075 3039 Romam,

71 3054 117 3133 V
111 3056 259 3142 metiar,
287 3053 480 3141 Veronam,
513 3052 703 3130 llicmtiam
728 3055 838 3138 vidit,
868 3051 984 3126 ubivis
1012 3074 1077 3126 ex·

66 3155 185 3231 tantia
213 3167 354 3233 naturae
377 3166 415 3230 et
437 3154 526 3230 artis
550 3153 749 3241 Niiracula,
788 3150 1077 3250 Gazophylacia,

67 3255 335 3343 Bibliothecae,
362 3253 625 3333 &naturalium
636 3276 758 3329 rerum
772 3250 981 3348 Apothecae
993 3276 1076 3350 per·

66 3352 255 3434 scrutans:
282 3359 398 3435 ubivis
423 3357 532 3435 Viros
558 3353 681 3429 doiios
699 3353 738 3431 de
753 3351 908 3449 infignes
932 3354 1075 3450 perqui-

67 3480 182 3545 rens,
219 3457 430 3555 alloquens,
469 3456 515 3530 ad
539 3454 734 3529 ineundam
759 3454 1075 3555 amicitiaminvi·

67 3571 167 3634 tans.
216 3558 297 3634 Hos
309 3561 405 3635 inter
418 3556 597 3658 speciatim
611 3551 812 3631 Mercedem
826 3552 1097 3656 Malpiglrium,

70 3658 291 3753 Guilielmum
316 3659 464 3747 Riuam,
491 3654 714 3837 digamiam
738 3653 946 3757 Septalr'um,
976 3650 1075 3730 Otto·

435 3803 436 3808 Ν
487 3784 491 3793 ·
572 3778 594 3853 5
726 3812 729 3819 .
881 3786 885 3799 ¹
956 3775 1029 3831 arm

493 4047 506 4092 l
628 4102 631 4107 ,
