2482 4186
29 202 41 219 Χ
180 255 232 335 30
400 250 599 310 exuemus
625 226 806 332 (Philippa
819 223 986 337 Jacob.)

178 366 303 492 ramici
315 455 325 490 ,
364 400 534 487 exorsus,
569 413 680 499 atque
706 400 770 475 ita*
788 400 994 498 prosecutus
1021 399 1095 486 est.
1126 410 1196 490 at,

114 550 120 557 -
179 526 265 579 cum
282 503 430 577 ineunte
454 524 550 576 anno
581 525 686 598 ¹704·
713 499 842 575 Resior
861 499 1045 601 Gymnasri
1067 495 1194 601 Georg.

71 649 75 652 -
181 601 316 680 Frider.
331 621 499 676 mannus
516 599 633 693 officiii
650 599 710 674 sud
733 601 946 690 decederet,
973 604 1009 677 in
1031 600 1196 684 Nostram

170 700 367 779 vcommuni
400 701 599 777 secretioris
638 696 796 790 Senatds
824 702 862 780 de
892 701 1196 779 Scholarcharum

179 800 354 889 sententia
374 806 390 896 (
401 801 658 878 Nobililsrmam
671 824 828 900 namque
841 800 1196 902 Augopanojuvena

180 904 275 978 tutis
295 902 505 978 acatholicae
535 916 675 998 partem
700 914 779 977 tum
805 904 1044 1000 publicatum
1075 896 1197 1001 priva·

179 1013 219 1080 ta
243 1003 463 1079 institutione
484 1001 658 1078 hasienus
674 1002 915 1089 formaverat,
941 1025 1056 1101 eaque
1072 1025 1113 1078 re
1130 1025 1196 1101 pa·

178 1116 326 1180 rentum
352 1103 415 1179 fibi
434 1103 724 1208 benevolentiam
745 1103 835 1177 mire
854 1102 1138 1201 conciliaverat)
1156 1102 1196 1182 &

178 1206 316 1303 regendi
359 1201 532 1303 Gpmaafii
550 1203 588 1281 dc
606 1202 765 1279 curanda
798 1202 1017 1282 Bibliotheca
1051 1202 1197 1305 publico

180 1327 268 1382 cura
296 1303 415 1380 delata
442 1303 559 1379 suerit
1098 1322 1108 1353 ³
1214 1368 1216 1375 ,

69 1420 77 1435 '
196 1424 199 1429 ·
252 1405 423 1500 Longum
446 1399 532 1477 effet
556 1424 728 1488 narrare,
761 1401 978 1500 quambene
998 1399 1078 1485 suaa
1107 1400 1199 1479 Cro-

174 1501 278 1611 psriur
300 1516 420 1602 partes
444 1501 653 1600 (praecipue
677 1502 832 1577 tristibus
860 1501 930 1576 illis
957 1502 1195 1601 temporibuS,

132 1618 136 1624 ·
180 1605 312 1705 quibus
334 1603 488 1701 patriam
513 1600 618 1676 Mars
647 1599 799 1678 Gallicus
815 1603 1031 1699 premebat)
1049 1605 1208 1702 ,egerite

83 1716 87 1724 '
180 1727 292 1805 quam
313 1717 440 1800 aptam
460 1701 661 1800 juventutis
675 1700 882 1777 erudiendae
894 1703 1109 1780 methodum
1121 1705 1195 1782 sec·

167 1808 280 1882 'tatus
303 1803 367 1892 srt,
394 1804 432 1882 u
453 1824 564 1901 quam
587 1802 798 1882 commodas
826 1801 978 1879 docendi
1003 1805 1082 1889 alas
1104 1805 1195 1882 inie·

177 1907 251 1982 rit:
276 1905 433 2002 denique
457 1925 569 2002 quam
594 1901 790 1979 laudabiles
814 1902 928 1978 animi
951 1904 1058 1980 dotes
1083 1906 1194 2005 atque

70 2070 96 2093 .,
177 2006 333 2083 virtutes
342 2006 391 2080 ad
403 2004 648 2081 scholasticum
658 2017 792 2079 munus
806 2002 1018 2080 contulerit‘.²
1035 2006 1195 2094 Quicun-

180 2129 252 2205 que
269 2107 315 2182 de
340 2108 396 2182 his
420 2106 590 2182 omnibus
613 2104 756 2182 edoceri
776 2101 969 2182 dfflnuius
984 2109 1104 2206 cupit,
1130 2106 1194 2184 ad·

179 2219 241 2283 eat
266 2207 368 2282 initio
391 2207 489 2282 ime
514 2206 702 2281 laudatum
731 2226 1005 2292 annexarum,
1043 2207 1107 2306 qui
1130 2209 1193 2285 ista

178 2307 218 2386 in
245 2305 466 2407 Miscellaneis
492 2304 562 2381 luis
584 2306 722 2403 prolixe
751 2328 933 2404 exponere
958 2309 1110 2386 minime
1137 2311 1193 2388 in'·

142 2420 145 2425 ’
177 2407 339 2499 termisrt.
388 2403 480 2483 Mihi
510 2404 647 2504 reliqua
673 2403 833 2504 persequi
854 2406 982 2503 placet.
1176 2492 1179 2497 ,

180 2506 183 2511 ’
264 2507 398 2584 Doc'uit
425 2506 547 2606 Noster
574 2507 612 2582 in
638 2504 833 2604 Gymnasro
852 2505 1031 2584 Annoano
1047 2561 1072 2591 ,.
1089 2505 1203 2587 fimus

178 2622 223 2685 ¹ac
236 2607 381 2706 praefuit
393 2608 511 2684 eidem
524 2607 638 2682 serme
651 2605 791 2682 dimidii
799 2606 917 2684 saeculi
925 2608 1039 2704 spatio
1049 2607 1190 2699 (Trien-

168 2708 282 2786 nium
306 2710 441 2801 deme)
471 2718 580 2806 atque
606 2709 656 2783 ita
688 2707 833 2783 docuit:
863 2708 914 2784 ita
941 2708 1112 2807 praefuit,
1150 2702 1190 2799 ul

162 2811 357 2887 maximas
371 2808 456 2884 inde
469 2807 595 2883 laudes
609 2809 630 2883 il
645 2807 716 2883 suis
728 2808 899 2885 retulerit
952 2810 1080 2906 Neque
1093 2808 1190 2908 apud

70 2985 73 2991 ,
177 2909 247 2987 hos
273 2910 473 2996 duntaxat,
500 2906 558 2983 sed
572 2922 718 2984 exteros
733 2930 876 3007 quoque
893 2911 1091 2985 maximam
1105 2911 1190 2997 doc·

176 3010 286 3089 trinae
316 3022 425 3108 atque
451 3009 677 3084 dexteritatis
703 3008 1006 3086 'existimationem
1024 3009 1188 3087 obtinue·
1231 3084 1233 3105 ,

177 3122 237 3187 rat
263 3109 396 3210 Noster.
448 3110 558 3186 Certe
583 3111 694 3207 quam
723 3109 894 3206 praeclare
916 3111 962 3185 de
986 3133 1031 3184 eo
1044 3108 1188 3188 sentiret
1229 3136 1233 3207 ᾗ

177 3206 332 3304 Societas
356 3209 466 3285 latina
491 3205 675 3314 Jeaenfis,
701 3221 825 3306 aperte
833 3210 1069 3307 monstravit,
1101 3213 1187 3288 dum
1229 3212 1233 3285 1

179 3306 349 3388 Membris
383 3309 453 3385 suis
481 3311 682 3387 honorariis
712 3309 813 3386 illum
836 3309 1022 3410 adscripsit.
1072 3312 1186 3399 Quid,
1228 3324 1233 3373 i

179 3410 280 3509 quod
296 3410 336 3488 ἂ
355 3399 616 3506 Augustiffinlae
640 3411 801 3509 Nostrum
823 3408 949 3503 gratiae
970 3408 1207 3487 condecoras

141 3600 145 3605 ,
179 3509 285 3589 rint?
309 3507 457 3613 josephi
474 3509 506 3588 Ι.
532 3512 791 3605 nimirum-et
807 3508 921 3586 Caroli
945 3509 986 3585 V
984 3509 1015 3590 I.
1034 3532 1186 3608 quorum

177 3623 335 3713 uterque
360 3609 567 3710 Crophium,
594 3635 744 3688 nummo
759 3632 893 3694 aureo,
918 3608 1053 3687 sacram
1070 3611 1186 3710 supro?

63 3737 67 3743 ·
179 3709 464 3813 maeMajestatis
477 3710 632 3812 effigiem
644 3724 805 3810 gerente,
824 3711 1188 3892 clementiliimgcona

333 3839 337 3844 ·
376 3869 382 3879 .
591 3863 596 3874 -
740 3836 742 3843 ·
1098 3833 1139 3888 ο·
